@article{jackson2018characterizing,
  title={Characterizing drainage multiphase flow in heterogeneous sandstones},
  author={Jackson, Samuel J and Agada, Simeon and Reynolds, Catriona A and Krevor, Samuel},
  journal={Water Resources Research},
  volume={54},
  number={4},
  pages={3139--3161},
  year={2018},
  publisher={Wiley Online Library}
}

@article{benham2021two,
  title={Two-phase gravity currents in layered porous media},
  author={Benham, Graham P and Bickle, Mike J and Neufeld, Jerome A},
  journal={Journal of Fluid Mechanics},
  volume={922},
  pages={A7},
  year={2021},
  publisher={Cambridge University Press}
}

@book{mcphee2015core,
  title={Core analysis: a best practice guide},
  author={McPhee, Colin and Reed, Jules and Zubizarreta, Izaskun},
  year={2015},
  publisher={Elsevier}
}

@article{berg2021non,
  title={Non-uniqueness and uncertainty quantification of relative permeability measurements by inverse modelling},
  author={Berg, Steffen and Unsal, Evren and Dijk, Harm},
  journal={Computers and Geotechnics},
  volume={132},
  pages={103964},
  year={2021},
  publisher={Elsevier}
}

@article{huang1995capillary,
  title={Capillary trapping mechanisms in water-wet laminated rocks},
  author={Huang, Yaduo and Ringrose, PS and Sorbie, KS},
  journal={SPE Reservoir Engineering},
  volume={10},
  number={04},
  pages={287--292},
  year={1995},
  publisher={SPE}
}
@article{pini2012capillary,
  title={Capillary pressure and heterogeneity for the CO2/water system in sandstone rocks at reservoir conditions},
  author={Pini, Ronny and Krevor, Samuel CM and Benson, Sally M},
  journal={Advances in Water Resources},
  volume={38},
  pages={48--59},
  year={2012},
  publisher={Elsevier}
}

@inproceedings{wang2003multiscale,
  title={Multiscale structural similarity for image quality assessment},
  author={Wang, Zhou and Simoncelli, Eero P and Bovik, Alan C},
  booktitle={The Thrity-Seventh Asilomar Conference on Signals, Systems \& Computers, 2003},
  volume={2},
  pages={1398--1402},
  year={2003},
  organization={Ieee}
}

@article{Reynolds2015,
author = {Reynolds, C. A. and Krevor, S.},
title = {Characterizing flow behavior for gas injection: Relative permeability of CO2-brine and N2-water in heterogeneous rocks},
journal = {Water Resources Research},
volume = {51},
number = {12},
pages = {9464-9489},
keywords = {relative permeability, special core analysis, CO2 storage, multiphase flow, reservoir characterization, heterogeneous sandstones},
doi = {https://doi.org/10.1002/2015WR018046},
url = {https://agupubs.onlinelibrary.wiley.com/doi/abs/10.1002/2015WR018046},
eprint = {https://agupubs.onlinelibrary.wiley.com/doi/pdf/10.1002/2015WR018046},
abstract = {Abstract We provide a comprehensive experimental study of steady state, drainage relative permeability curves with CO2-brine and N2-deionized water, on a single Bentheimer sandstone core with a simple two-layer heterogeneity. We demonstrate that, if measured in the viscous limit, relative permeability is invariant with changing reservoir conditions, and is consistent with the continuum-scale multiphase flow theory for water wet systems. Furthermore, we show that under capillary limited conditions, the CO2-brine system is very sensitive to heterogeneity in capillary pressure, and by performing core floods under capillary limited conditions, we produce effective relative permeability curves that are flow rate and fluid parameter dependent. We suggest that the major uncertainty in past observations of CO2-brine relative permeability curves is due to the interaction of CO2 flow with pore space heterogeneity under capillary limited conditions and is not due to the effects of changing reservoir conditions. We show that the appropriate conditions for measuring intrinsic or effective relative permeability curves can be selected simply by scaling the driving force for flow by a quantification of capillary heterogeneity. Measuring one or two effective curves on a core with capillary heterogeneity that is representative of the reservoir will be sufficient for reservoir simulation.},
year = {2015}
}

@article{Halladay2018ResultsFT,
  title={Results From The Second Monitor DAS VSP At Quest CCS},
  author={Amanda Halladay and Vicente Oropeza Bacci and Simon O’Brien and Kees Hindriks},
  journal={Fifth CO2 Geological Storage Workshop},
  year={2018}
}

@article{jackson2020small,
  title={Small-Scale Capillary Heterogeneity Linked to Rapid Plume Migration During CO 2 Storage},
  author={Jackson, Samuel J and Krevor, Samuel},
  journal={Geophysical Research Letters},
  volume={47},
  number={18},
  pages={e2020GL088616},
  year={2020},
  publisher={Wiley Online Library}
}

@article{jones1978graphical,
  title={Graphical techniques for determining relative permeability from displacement experiments},
  author={Jones, SC and Roszelle, WO},
  journal={Journal of Petroleum Technology},
  volume={30},
  number={05},
  pages={807--817},
  year={1978},
  publisher={OnePetro}
}
@article{archer1973use,
  title={Use of a reservoir simulator to interpret laboratory waterflood data},
  author={Archer, John S and Wong, SW},
  journal={Society of Petroleum Engineers Journal},
  volume={13},
  number={06},
  pages={343--347},
  year={1973},
  publisher={OnePetro}
}

@article{krause2011modeling,
  title={Modeling permeability distributions in a sandstone core for history matching coreflood experiments},
  author={Krause, M and Perrin, J-C and Benson, Sally M and others},
  journal={Spe Journal},
  volume={16},
  number={04},
  pages={768--777},
  year={2011},
  publisher={OnePetro}
}
@article{krause2015accurate,
  title={Accurate determination of characteristic relative permeability curves},
  author={Krause, Michael H and Benson, Sally M},
  journal={Advances in Water Resources},
  volume={83},
  pages={376--388},
  year={2015},
  publisher={Elsevier}
}

@article{krause2013procedure,
  title={A procedure for the accurate determination of sub-core scale permeability distributions with error quantification},
  author={Krause, Michael and Krevor, Sam and Benson, Sally M},
  journal={Transport in porous media},
  volume={98},
  number={3},
  pages={565--588},
  year={2013},
  publisher={Springer}
}

@phdthesis{krause2009modelling,
  title={Modelling Sub-core Scale Permeability in Sandstone for Use in Studying Multiphase Flow of Co2 and Brine in Core Flooding Experiments: A Report},
  author={Krause, Michael H},
  year={2009},
  school={Stanford University Stanford, CA, USA}
}

@article{calhoun1949experiments,
  title={Experiments on the capillary properties of porous solids},
  author={Calhoun, John C and Lewis, Maurice and Newman, RC},
  journal={Journal of Petroleum Technology},
  volume={1},
  number={07},
  pages={189--196},
  year={1949},
  publisher={OnePetro}
}
@inproceedings{nordtvedt1999significance,
  title={The significance of violated assumptions on core analysis results},
  author={Nordtvedt, JE and Urkedal, H and Ebeltoft, E and Kolltveit, K and Petersen, EB and Sylte, A and Valestrand, R},
  booktitle={Proc. Symp. SCA International Symposium, SCA},
  volume={9931},
  year={1999}
}
@inproceedings{ali1997developments,
  title={Developments in measurement and interpretation techniques in coreflood tests to determine relative permeabilities},
  author={Ali, JK},
  booktitle={Latin American and Caribbean petroleum engineering conference},
  year={1997},
  organization={OnePetro}
}
@inproceedings{mitlin1998improved,
  title={Improved estimation of relative permeability from displacement experiments},
  author={Mitlin, VS and Lawton, BD and McLennan, JD and Owen, LB},
  booktitle={International Petroleum Conference and Exhibition of Mexico},
  year={1998},
  organization={OnePetro}
}
@inproceedings{li2004generalized,
  title={Generalized capillary pressure and relative permeability model inferred from fractal characterization of porous media},
  author={Li, Kewen},
  booktitle={SPE Annual Technical Conference and Exhibition},
  year={2004},
  organization={OnePetro}
}

@article{chierici1984novel,
  title={Novel relations for drainage and imbibition relative permeabilities},
  author={Chierici, Gian Luigi},
  journal={Society of Petroleum Engineers Journal},
  volume={24},
  number={03},
  pages={275--276},
  year={1984},
  publisher={OnePetro}
}
@article{brooks1966properties,
  title={Properties of porous media affecting fluid flow},
  author={Brooks, Royal Harvard and Corey, Arthur T},
  journal={Journal of the irrigation and drainage division},
  volume={92},
  number={2},
  pages={61--88},
  year={1966},
  publisher={American Society of Civil Engineers}
}

@article{purcell1949capillary,
  title={Capillary pressures-their measurement using mercury and the calculation of permeability therefrom},
  author={Purcell, WR},
  journal={Journal of Petroleum Technology},
  volume={1},
  number={02},
  pages={39--48},
  year={1949},
  publisher={OnePetro}
}

@article{schloerke2018ggally,
  title={GGally: Extension to ‘ggplot2’},
  author={Schloerke, Barret and Crowley, Jason and Cook, Di and Briatte, Francois and Marbach, Moritz and Thoen, Edwin and Elberg, Amos and Larmarange, Joseph},
  journal={R package version},
  volume={1},
  number={0},
  year={2018}
}

@article{burdine1953relative,
  title={Relative permeability calculations from pore size distribution data},
  author={Burdine, NeT},
  journal={Journal of Petroleum Technology},
  volume={5},
  number={03},
  pages={71--78},
  year={1953},
  publisher={OnePetro}
}

@article{nakornthap1986temperature,
  title={Temperature-dependent relative permeability and its effect on oil displacement by thermal methods},
  author={Nakornthap, K and Evans, Ronald D},
  journal={SPE Reservoir Engineering},
  volume={1},
  number={03},
  pages={230--242},
  year={1986},
  publisher={OnePetro}
}

@article{li2021new,
  title={New fractal-dimension-based relation model for estimating absolute permeability through capillary pressure curves},
  author={Li, Changyong and Dai, Weihua and Luo, Bingfu and Pi, Jian and Liu, Yisheng and Zhang, Yu},
  journal={Journal of Petroleum Science and Engineering},
  volume={196},
  pages={107672},
  year={2021},
  publisher={Elsevier}
}

@article{le2007enhanced,
  title={Enhanced deformation of limestone and sandstone in the presence of high fluids},
  author={Le Guen, Yvi and Renard, F and Hellmann, R and Brosse, E and Collombet, M and Tisserand, D and Gratier, J-P},
  journal={Journal of Geophysical Research: Solid Earth},
  volume={112},
  number={B5},
  year={2007},
  publisher={Wiley Online Library}
}

@article{lai2015pore,
  title={Pore-scale heterogeneity in the mineral distribution and reactive surface area of porous rocks},
  author={Lai, Peter and Moulton, Kevin and Krevor, Samuel},
  journal={Chemical Geology},
  volume={411},
  pages={260--273},
  year={2015},
  publisher={Elsevier}
}

@unpublished{nerc10704,
           title = {GESTCO case study 2a-1 : storage potential of the Bunter Sandstone in the UK sector of the Southern North Sea and the adjacent onshore area of eastern England},
          author = {M. Brook and K. Shaw and C. Vincent and S. Holloway},
         address = {Nottingham, UK},
       publisher = {British Geological Survey},
            year = {2003},
            note = {This item has been internally reviewed but not externally peer-reviewed},
             url = {http://nora.nerc.ac.uk/id/eprint/10704/},
        abstract = {This case study, is the published product of the GESTCO project - a study by the British
Geological Survey (BGS) and eight other organisations; BGR, BRGM, GEUS, GSB, IGME,
NITG-TNO, NGU and Ecofys. GESTCO is an acronym for European Potential for Geological
Storage of CO2 from fossil fuel combustion. The goal of this project is to determine whether
geological storage of CO2 is a viable method of reducing greenhouse gas emissions from fossil
fuel combustion, capable of widespread application.}
}


@article{peksa2015bentheimer,
  title={Bentheimer sandstone revisited for experimental purposes},
  author={Peksa, Anna E and Wolf, Karl-Heinz AA and Zitha, Pacelli LJ},
  journal={Marine and Petroleum Geology},
  volume={67},
  pages={701--719},
  year={2015},
  publisher={Elsevier}
}

@article{reynolds2015characterizing,
  title={Characterizing flow behavior for gas injection: Relative permeability of CO2-brine and N2-water in heterogeneous rocks},
  author={Reynolds, CA and Krevor, S},
  journal={Water Resources Research},
  volume={51},
  number={12},
  pages={9464--9489},
  year={2015},
  publisher={Wiley Online Library}
}
@article{reynolds2018multiphase,
  title={Multiphase flow characteristics of heterogeneous rocks from CO 2 storage reservoirs in the United Kingdom},
  author={Reynolds, Catriona A and Blunt, Martin J and Krevor, Samuel},
  journal={Water Resources Research},
  volume={54},
  number={2},
  pages={729--745},
  year={2018},
  publisher={Wiley Online Library}
}
@article{wenck2021simulating,
  title={Simulating core floods in heterogeneous sandstone and carbonate rocks},
  author={Wenck, Nele and Jackson, Samuel J and Manoorkar, Sojwal and Muggeridge, Ann and Krevor, Samuel},
  journal={Water Resources Research},
  volume={57},
  number={9},
  pages={e2021WR030581},
  year={2021},
  publisher={Wiley Online Library}
}

@inproceedings{churcher1991rock,
  title={Rock properties of Berea sandstone, Baker dolomite, and Indiana limestone},
  author={Churcher, PL and French, PR and Shaw, JC and Schramm, LL},
  booktitle={SPE International Symposium on Oilfield Chemistry},
  year={1991},
  organization={OnePetro}
}
@article{manoorkar2021observations,
  title={Observations of the Impacts of Millimeter-to Centimeter-Scale Heterogeneities on Relative Permeability and Trapping in Carbonate Rocks},
  author={Manoorkar, Sojwal and Jackson, Samuel J and Krevor, Samuel},
  journal={Water Resources Research},
  volume={57},
  number={4},
  pages={e2020WR028597},
  year={2021},
  publisher={Wiley Online Library}
}










@article{mehmani2015forward,
  title={A forward analysis on the applicability of tracer breakthrough profiles in revealing the pore structure of tight gas sandstone and carbonate rocks},
  author={Mehmani, Ayaz and Mehmani, Yashar and Prodanovi{\'c}, Ma{\v{s}}a and Balhoff, Matthew},
  journal={Water Resources Research},
  volume={51},
  number={6},
  pages={4751--4767},
  year={2015},
  publisher={Wiley Online Library}
}

@article{mehmani2014streamline,
  title={A streamline splitting pore-network approach for computationally inexpensive and accurate simulation of transport in porous media},
  author={Mehmani, Yashar and Oostrom, Mart and Balhoff, Matthew T},
  journal={Water Resources Research},
  volume={50},
  number={3},
  pages={2488--2517},
  year={2014},
  publisher={Wiley Online Library}
}

@article{yang2016intercomparison,
  title={Intercomparison of 3D pore-scale flow and solute transport simulation methods},
  author={Yang, Xiaofan and Mehmani, Yashar and Perkins, William A and Pasquali, Andrea and Sch{\"o}nherr, Martin and Kim, Kyungjoo and Perego, Mauro and Parks, Michael L and Trask, Nathaniel and Balhoff, Matthew T and others},
  journal={Advances in water resources},
  volume={95},
  pages={176--189},
  year={2016},
  publisher={Elsevier}
}

@article{mehmani2017minimum,
  title={Minimum requirements for predictive pore-network modeling of solute transport in micromodels},
  author={Mehmani, Yashar and Tchelepi, Hamdi A},
  journal={Advances in water resources},
  volume={108},
  pages={83--98},
  year={2017},
  publisher={Elsevier}
}

@article{Smith2008,
author = {Smith, Megan M. and Silva, Jeff A. K. and Munakata-Marr, Junko and McCray, John E.},
title = {Compatibility of Polymers and Chemical Oxidants for Enhanced Groundwater Remediation},
journal = {Environmental Science \& Technology},
volume = {42},
number = {24},
pages = {9296-9301},
year = {2008},
doi = {10.1021/es800757g},

URL = { 
        https://doi.org/10.1021/es800757g
    
},
eprint = { 
        https://doi.org/10.1021/es800757g
    
}

}

@article{shende2021upscaling,
  title={Upscaling non-Newtonian rheological fluid properties from pore-scale to Darcy’s scale},
  author={Shende, Takshak and Niasar, Vahid and Babaei, Masoud},
  journal={Chemical Engineering Science},
  volume={239},
  pages={116638},
  year={2021},
  publisher={Elsevier}
}



@article{Nowak2008,
author = {Nowak, Wolfgang and Schwede, Ronnie L. and Cirpka, Olaf A. and Neuweiler, Insa},
title = {Probability density functions of hydraulic head and velocity in three-dimensional heterogeneous porous media},
journal = {Water Resources Research},
volume = {44},
number = {8},
pages = {W08452},
keywords = {Stochastic flow, probability densities, first-order second-moment},
doi = {https://doi.org/10.1029/2007WR006383},
url = {https://agupubs.onlinelibrary.wiley.com/doi/abs/10.1029/2007WR006383},
eprint = {https://agupubs.onlinelibrary.wiley.com/doi/pdf/10.1029/2007WR006383},
abstract = {In this study, we assess probability density functions of hydraulic heads and specific discharges in three-dimensional bounded heterogeneous porous media by Monte Carlo (MC) simulation. We discuss their empirical shapes and demonstrate that the intuitive use of obvious information on boundedness leads to parametric distribution functions, which fit surprisingly well. On the basis of statistical moments of hydraulic heads and velocities up to fourth order, we discuss the spatial dependence of the empirical distributions and their dependence on the variance of log conductivity. Comparison of the first and second central moment to the results from classical numerical first-order second-moment (FOSM) analysis reveals that FOSM predicts these moments surprisingly close for hydraulic heads. On the basis of this fact, we demonstrate that fitting the chosen parametric distributions for hydraulic heads to FOSM moments is promising for the sake of estimating exceedance probabilities. Our MC scenarios vary in variance of log conductivity (0.125 to 5.0), in the type of multivariate dependence, in correlation scale and types of boundary conditions. Our study illustrates that in contrast to the common assumption, FOSM is a reasonable choice for evaluating multivariate and univariate moments for heads, if used in conjunction with additional information on distribution shapes. In the absence of utilizable additional information, we demonstrate that second-moment methods are mostly inadequate for assessing distributions accurately. Significant deviations from Gaussian distributions occurred for discharge components even at a variance of log conductivity as low as 0.125, and we found that the distributions of transverse discharge components are extremely fat-tailed. The observed non-Gaussianity questions the results of approximate approaches in solute flux and dispersion studies where velocity fields are assumed to be multi-Gaussian and then directly represented by or generated from their covariances. The main implication is to apply more accurate schemes such as exact non-local methods, extensive MC or higher-order stochastic Galerkin approaches, and to include higher-order moments, at least if no additional assumptions on the shape of distributions are available or justifiable.},
year = {2008}
}


@article{BABAEI201623,
title = {A transport phase diagram for pore-level correlated porous media},
journal = {Advances in Water Resources},
volume = {92},
pages = {23-29},
year = {2016},
issn = {0309-1708},
doi = {https://doi.org/10.1016/j.advwatres.2016.03.014},
url = {https://www.sciencedirect.com/science/article/pii/S0309170816300781},
author = {M. Babaei and V. Joekar-Niasar},
keywords = {Transport phase diagram, Pore-level correlation, Pore-network modelling, Advection, Dispersion}
}

@article{le2016pore,
  title={Pore network simulations of heat and mass transfer inside an unsaturated capillary porous wick in the dry-out regime},
  author={Le, Kieu Hiep and Kharaghani, Abdolreza and Kirsch, Christoph and Tsotsas, Evangelos},
  journal={Transport in porous media},
  volume={114},
  number={3},
  pages={623--648},
  year={2016},
  publisher={Springer}
}

@article{tsotsas1987thermal,
  title={Thermal conductivity of packed beds: a review},
  author={Tsotsas, E and Martin, Holger},
  journal={Chemical Engineering and Processing: Process Intensification},
  volume={22},
  number={1},
  pages={19--37},
  year={1987},
  publisher={Elsevier}
}

@article{muthamizhi2013measurement,
  title={Measurement and model validation of specific heat of Xanthan gum using joules calorimeter method},
  author={Muthamizhi, K and Kalaichelvi, P and Arunagiri, A and Rudhra, A},
  journal={Int. J. Res. Eng. Ring Technol.},
  volume={2},
  pages={232--238},
  year={2013}
}

@inproceedings{kovnakova2013thermal,
  title={Thermal properties of selected sandstones},
  author={Ko{\v{n}}{\'a}kov{\'a}, DANA and Vejmelkov{\'a}, E and {\v{C}}ern{\`y}, ROBERT},
  booktitle={Advances in modern mechanical engineering: Proceedings of the 4th International Conference on Fluid Mechanics and Heat \& Mass Transfer (FLUIDSHEAT’13), Dubrovnik, Croatia, 25--27 June 2013.},
  pages={100--104},
  year={2013}
}

@article{weber1880investigations,
  title={Investigations into the thermal conductivity of liquids},
  author={Weber, HF},
  journal={Wiedemanns Annalen der Physik und Chimie},
  volume={10},
  pages={103},
  year={1880}
}

@book{kasap2017springer,
  title={Springer handbook of electronic and photonic materials (Chapter 19)},
  author={Kasap, Safa and Capper, Peter},
  year={2017},
  publisher={Springer}
}

@article{marx2018shear,
  title={Shear thinning and hydrodynamic friction of viscosity modifier-containing oils. Part I: shear thinning behaviour},
  author={Marx, Nigel and Fern{\'a}ndez, Luis and Barcel{\'o}, Francisco and Spikes, Hugh},
  journal={Tribology Letters},
  volume={66},
  number={3},
  pages={92},
  year={2018},
  publisher={Springer}
}

@article{dejam2018dispersion,
  title={Dispersion in non-Newtonian fluid flows in a conduit with porous walls},
  author={Dejam, Morteza},
  journal={Chemical Engineering Science},
  volume={189},
  pages={296--310},
  year={2018},
  publisher={Elsevier}
}

@article{vartuli1995taylor,
  title={Taylor dispersion in a polymer solution flowing in a capillary tube},
  author={Vartuli, M and Hulin, JP and Daccord, G},
  journal={AIChE Journal},
  volume={41},
  number={7},
  pages={1622--1628},
  year={1995},
  publisher={Wiley Online Library}
}

@article{anunravelling,
  title={Unravelling effects of the pore-size correlation length on the two-phase flow and solute transport properties; GPU-based pore-network modelling},
  author={An, Senyou and Hasan, Sharul and Erfani, Hamidreza and Babaei, Masoud and Niasar, Vahid},
  journal={Water Resources Research},
  pages={e2020WR027403},
  year={2020},
  publisher={Wiley Online Library}
}

@article{savins1969non,
  title={Non-Newtonian flow through porous media},
  author={Savins, JG},
  journal={Industrial \& Engineering Chemistry},
  volume={61},
  number={10},
  pages={18--47},
  year={1969},
  publisher={ACS Publications}
}

@article{ikoku1979transient,
  title={Transient flow of non-Newtonian power-law fluids in porous media},
  author={Ikoku, Chi U and Ramey Jr, Henry J and others},
  journal={Society of Petroleum Engineers Journal},
  volume={19},
  number={03},
  pages={164--174},
  year={1979},
  publisher={Society of Petroleum Engineers}
}
@incollection{shenoy1994non,
  title={Non-Newtonian fluid heat transfer in porous media},
  author={Shenoy, AV},
  booktitle={Advances in Heat transfer},
  volume={24},
  pages={101--190},
  year={1994},
  publisher={Elsevier}
}

@article{rashidi2011magnetohydrodynamic,
  title={Magnetohydrodynamic biorheological transport phenomena in a porous medium: a simulation of magnetic blood flow control and filtration},
  author={Rashidi, MM and Keimanesh, M and B{\'e}g, O Anwar and Hung, TK},
  journal={International Journal for Numerical Methods in Biomedical Engineering},
  volume={27},
  number={6},
  pages={805--821},
  year={2011},
  publisher={Wiley Online Library}
}

@article{metzner1957agitation,
  title={Agitation of non-Newtonian fluids},
  author={Metzner, AB and Otto, RE},
  journal={AIChE Journal},
  volume={3},
  number={1},
  pages={3--10},
  year={1957},
  publisher={Wiley Online Library}
}

@article{sadowski1965non,
  title={Non-Newtonian Flow through Porous Media. I. Theoretical},
  author={Sadowski, Thomas J and Bird, R Byron},
  journal={Transactions of the Society of Rheology},
  volume={9},
  number={2},
  pages={243--250},
  year={1965},
  publisher={The Society of Rheology}
}

@article{fadili20023d,
  title={A 3D filtration law for power-law fluids in heterogeneous porous media},
  author={Fadili, Ali and Tardy, Philippe MJ and Pearson, JR Anthony},
  journal={Journal of Non-Newtonian Fluid Mechanics},
  volume={106},
  number={2-3},
  pages={121--146},
  year={2002},
  publisher={Elsevier}
}

@article{balhoff2004modeling,
  title={Modeling the steady flow of yield-stress fluids in packed beds},
  author={Balhoff, Matthew T and Thompson, Karsten E},
  journal={AIChE Journal},
  volume={50},
  number={12},
  pages={3034--3048},
  year={2004},
  publisher={Wiley Online Library}
}


@article{sochi2010pore,
  title={Pore-scale modeling of non-Newtonian flow in porous media},
  author={Sochi, Taha},
  journal={PhD thesis, Imperial College London},
  year={2007}
}

@article{de2017non,
  title={Non-Darcian flow of shear-thinning fluids through packed beads: Experiments and predictions using Forchheimer's law and Ergun's equation},
  author={de Castro, Antonio Rodr{\'\i}guez and Radilla, Giovanni},
  journal={Advances in water resources},
  volume={100},
  pages={35--47},
  year={2017},
  publisher={Elsevier}
}

@article{tiu1997flow,
  title={Flow of viscoelastic polymer solutions in mixed beds of particles},
  author={Tiu, Carlos and Zhou, James ZQ and Nicolae, Gilda and Fang, Tunann and Chhabra, Raj P},
  journal={The Canadian Journal of Chemical Engineering},
  volume={75},
  number={5},
  pages={843--850},
  year={1997},
  publisher={Wiley Online Library}
}

@article{sabiri1995pressure,
  title={Pressure drop in non-Newtonian purely viscous fluid flow through porous media},
  author={Sabiri, Nour-Eddine and Comiti, Jacques},
  journal={Chemical Engineering Science},
  volume={50},
  number={7},
  pages={1193--1201},
  year={1995},
  publisher={Elsevier}
}

@article{pakdemirli2010analytical,
  title={Analytical and numerical solutions of a generalized hyperbolic non-Newtonian fluid flow},
  author={Pakdemirli, Mehmet and Sar{\i}, P{\i}nar and Solmaz, Bekir},
  journal={Zeitschrift f{\"u}r Naturforschung A},
  volume={65},
  number={3},
  pages={151--160},
  year={2010},
  publisher={De Gruyter}
}

@incollection{cho1982non,
  title={Non-Newtonian fluids in circular pipe flow},
  author={Cho, Young I and Harnett, James P},
  booktitle={Advances in heat transfer},
  volume={15},
  pages={59--141},
  year={1982},
  publisher={Elsevier}
}

@article{metzner1957non,
  title={Non-Newtonian fluid flow. Relationships between recent pressure-drop correlations},
  author={Metzner, AB},
  journal={Industrial \& Engineering Chemistry},
  volume={49},
  number={9},
  pages={1429--1432},
  year={1957},
  publisher={ACS Publications}
}

@article{yao2013fully,
  title={Fully-developed circular-pipe flow of a non-Newtonian pseudoplastic fluid},
  author={Yao, L and Molla, Md Mamun and Moulic, S Ghosh},
  journal={Universal J. Mech. Eng.},
  volume={1},
  number={2},
  pages={23--31},
  year={2013}
}

@article{yun2014seepage,
  title={Seepage characteristics study on power-law fluid in fractal porous media},
  author={Yun, Meijuan},
  journal={Mathematical Problems in Engineering},
  volume={2014},
  year={2014},
  publisher={Hindawi}
}

@article{ostwald1925ueber,
  title={Ueber die geschwindigkeitsfunktion der viskosit{\"a}t disperser systeme. i},
  author={Ostwald, Wolfgang},
  journal={Kolloid-Zeitschrift},
  volume={36},
  number={2},
  pages={99--117},
  year={1925},
  publisher={Springer}
}

@book{tanner2000engineering,
  title={Engineering rheology},
  author={Tanner, Roger I},
  volume={52},
  year={2000},
  publisher={OUP Oxford}
}

@article{zami2018effect,
  title={Effect of disorder in the pore-scale structure on the flow of shear-thinning fluids through porous media},
  author={Zami-Pierre, Fr{\'e}d{\'e}ric and de Loubens, R and Quintard, Michel and Davit, Yohan},
  journal={Journal of Non-Newtonian Fluid Mechanics},
  volume={261},
  pages={99--110},
  year={2018},
  publisher={Elsevier}
}

@article{sorbie1989rheology,
  title={The rheology of pseudoplastic fluids in porous media using network modeling},
  author={Sorbie, KS and Clifford, PJ and Jones, ERW},
  journal={Journal of Colloid and Interface Science},
  volume={130},
  number={2},
  pages={508--534},
  year={1989},
  publisher={Elsevier}
}

@article{morais2009non,
  title={Non-Newtonian fluid flow through three-dimensional disordered porous media},
  author={Morais, Apiano F and Seybold, Hansjoerg and Herrmann, Hans J and Andrade Jr, Jos{\'e} S},
  journal={Physical review letters},
  volume={103},
  number={19},
  pages={194502},
  year={2009},
  publisher={APS}
}

@article{pearson2002models,
  title={Models for flow of non-Newtonian and complex fluids through porous media},
  author={Pearson, JRA and Tardy, PMJ},
  journal={Journal of Non-Newtonian Fluid Mechanics},
  volume={102},
  number={2},
  pages={447--473},
  year={2002},
  publisher={Elsevier}
}

@article{lopez2003predictive,
  title={Predictive network modeling of single-phase non-Newtonian flow in porous media},
  author={Lopez, Xavier and Valvatne, Per H and Blunt, Martin J},
  journal={Journal of colloid and interface science},
  volume={264},
  number={1},
  pages={256--265},
  year={2003},
  publisher={Elsevier}
}

@article{xiong2020effects,
  title={Effects of fluid rheology and pore connectivity on rock permeability based on a network model},
  author={Xiong, Fansheng and Sun, Weitao and Ba, Jing and Carcione, Jos{\'e} M},
  journal={Journal of Geophysical Research: Solid Earth},
  volume={125},
  number={3},
  pages={no--no},
  year={2020},
  publisher={Wiley Online Library}
}

@book{lau1959disperion,
  title={Disperion of a water tracer in radial laminar flow through homogeneous porous media},
  author={Lau, Leung-Ku Stephen},
  year={1959},
  publisher={University of California, Berkeley}
}

@article{sauty1980analysis,
  title={An analysis of hydrodispersive transfer in aquifers},
  author={Sauty, Jean-Pierre},
  journal={Water Resources Research},
  volume={16},
  number={1},
  pages={145--158},
  year={1980},
  publisher={Wiley Online Library}
}

@book{chhabra2011non,
  title={Non-Newtonian flow and applied rheology: engineering applications},
  author={Chhabra, Raj P and Richardson, John Francis},
  year={2011},
  publisher={Butterworth-Heinemann}
}

@article{zami2017polymer,
  title={Polymer flow through porous media: numerical prediction of the contribution of slip to the apparent viscosity},
  author={Zami-Pierre, Fr{\'e}d{\'e}ric and de Loubens, R and Quintard, Michel and Davit, Yohan},
  journal={Transport in Porous Media},
  volume={119},
  number={3},
  pages={521--538},
  year={2017},
  publisher={Springer}
}

@article{berg2017shear,
  title={Shear rate determination from pore-scale flow fields},
  author={Berg, Steffen and van Wunnik, John},
  journal={Transport in Porous Media},
  volume={117},
  number={2},
  pages={229--246},
  year={2017},
  publisher={Springer}
}

@article{eberhard2019determination,
  title={Determination of the effective viscosity of non-Newtonian fluids flowing through porous media},
  author={Eberhard, Ursin and Seybold, Hansjoerg J and Floriancic, Marius and Bertsch, Pascal and Jim{\'e}nez-Mart{\'\i}nez, Joaquin and Andrade Jr, Jos{\'e} S and Holzner, Markus},
  journal={Frontiers in Physics},
  volume={7},
  pages={71},
  year={2019},
  publisher={Frontiers}
}

@article{eberhard2020mapping,
  title={Mapping the local viscosity of non-Newtonian fluids flowing through disordered porous structures},
  author={Eberhard, Ursin and Seybold, HJ and Secchi, Eleonora and Jim{\'e}nez-Mart{\'\i}nez, Joaquin and R{\"u}hs, Patrick A and Ofner, Alessandro and Andrade, Jos{\'e} S and Holzner, Markus},
  journal={Scientific Reports},
  volume={10},
  number={1},
  pages={1--12},
  year={2020},
  publisher={Nature Publishing Group}
}

@article{seybold2021localization,
  title={Localization in Flow of Non-Newtonian Fluids Through Disordered Porous Media},
  author={Seybold, HJ and Eberhard, U and Secchi, Eleonora and Cisne Jr, Roberto LC and Jim{\'e}nez-Mart{\'\i}nez, Joaquin and Andrade, Roberto FS and Ara{\'u}jo, AD and Holzner, Markus and Andrade Jr, Jos{\'e} S},
  journal={Frontiers in Physics},
  volume={9},
  pages={5},
  year={2021},
  publisher={Frontiers}
}

@inproceedings{delshad2008mechanistic,
  title={Mechanistic interpretation and utilization of viscoelastic behavior of polymer solutions for improved polymer-flood efficiency},
  author={Delshad, Mojdeh and Kim, Do Hoon and Magbagbeola, Oluwaseun Adedeji and Huh, Chun and Pope, Gary Arnold and Tarahhom, Farhad and others},
  booktitle={SPE Symposium on Improved Oil Recovery},
  year={2008},
  organization={Society of Petroleum Engineers}
}

@article{shende2020effective,
  title={Effective viscosity and Reynolds number of non-Newtonian fluids using Meter model},
  author={Shende, Takshak and Niasar, Vahid J and Babaei, Masoud},
  journal={Rheologica Acta},
  pages={1--11},
  year={2020},
  publisher={Springer}
}

@article{shende2021effective,
  title={Effective viscosity and Reynolds number of non-Newtonian fluids using Meter model},
  author={Shende, Takshak and Niasar, Vahid J and Babaei, Masoud},
  journal={Rheologica Acta},
  volume={60},
  number={1},
  pages={11--21},
  year={2021},
  publisher={Springer}
}

@article{xue2012viscoelastic,
  title={Viscoelastic gels of guar and xanthan gum mixtures provide long-term stabilization of iron micro-and nanoparticles},
  author={Xue, Dingqi and Sethi, Rajandrea},
  journal={Journal of nanoparticle research},
  volume={14},
  number={11},
  pages={1--14},
  year={2012},
  publisher={Springer}
}

@article{meter1964tube,
  title={Tube flow of non-Newtonian polymer solutions: PART I. Laminar flow and rheological models},
  author={Meter, Donald M and Bird, R Byron},
  journal={AIChE Journal},
  volume={10},
  number={6},
  pages={878--881},
  year={1964},
  publisher={Wiley Online Library}
}

@article{cobena2020rheology,
  title={Rheology of water in small nanotubes},
  author={Cobe{\~n}a-Reyes, Jose and Sahimi, M},
  journal={Physical Review E},
  volume={102},
  number={2},
  pages={023106},
  year={2020},
  publisher={APS}
}

@book{bird1987dynamics,
  title={Dynamics of polymeric liquids. Vol. 1: Fluid mechanics},
  author={Bird, Robert Byron and Armstrong, Robert Calvin and Hassager, Ole},
  year={1987},
  publisher={John Wiley and Sons Inc., New York, NY}
}

@article{sahimi1993nonlinear,
  title={Nonlinear transport processes in disordered media},
  author={Sahimi, Muhammad},
  journal={AIChE journal},
  volume={39},
  number={3},
  pages={369--386},
  year={1993},
  publisher={Wiley Online Library}
}

@article{didari2020identifying,
  title={Identifying the Optimal Path and Computing the Threshold Pressure for Flow of Bingham Fluids Through Heterogeneous Porous Media},
  author={Didari, Hamid and Aghdasinia, Hassan and Hosseini, Mahdi Salami and Ebrahimi, Fatemeh and Sahimi, Muhammad},
  journal={Transport in Porous Media},
  volume={135},
  number={3},
  pages={779--798},
  year={2020},
  publisher={Springer}
}

@article{jackson2018chemical,
  title={Chemical differentiation, cold storage and remobilization of magma in the Earth’s crust},
  author={Jackson, MD and Blundy, J and Sparks, RSJ},
  journal={Nature},
  volume={564},
  number={7736},
  pages={405--409},
  year={2018},
  publisher={Nature Publishing Group}
}

@article{hamedi2013situ,
  title={In-situ upgrading of heavy oil/bitumen during steam injection by use of metal nanoparticles: A study on in-situ catalysis and catalyst transportation},
  author={Hamedi Shokrlu, Yousef and Babadagli, Tayfun and others},
  journal={SPE Reservoir Evaluation \& Engineering},
  volume={16},
  number={03},
  pages={333--344},
  year={2013},
  publisher={Society of Petroleum Engineers}
}

@book{bear2010modeling,
  title={Modeling groundwater flow and contaminant transport},
  author={Bear, Jacob and Cheng, Alexander H-D},
  volume={23},
  year={2010},
  publisher={Springer Science \& Business Media}
}

@article{young1973axial,
  title={Axial dispersion in nonisothermal packed bed chemical reactors},
  author={Young, Larry C and Finlayson, Bruce A},
  journal={Industrial \& Engineering Chemistry Fundamentals},
  volume={12},
  number={4},
  pages={412--422},
  year={1973},
  publisher={ACS Publications}
}

@article{chang2012experimental,
  title={Experimental and numerical investigation of saltwater intrusion dynamics in flux-controlled groundwater systems},
  author={Chang, Sun Woo and Clement, T Prabhakar},
  journal={Water Resources Research},
  volume={48},
  number={9},
  year={2012},
  publisher={Wiley Online Library}
}

@incollection{balmforth2001geophysical,
  title={Geophysical aspects of non-Newtonian fluid mechanics},
  author={Balmforth, NJ and Craster, RV},
  booktitle={Geomorphological Fluid Mechanics},
  pages={34--51},
  year={2001},
  publisher={Springer}
}

@article{hubbert1957mechanics,
  title={Mechanics of hydraulic fracturing},
  author={Hubbert, M King and Willis, David G},
  journal={Transactions of the AIME},
  volume={210},
  number={01},
  pages={153--168},
  year={1957},
  publisher={OnePetro}
}

@article{zhang2003nanoscale,
  title={Nanoscale iron particles for environmental remediation: an overview},
  author={Zhang, Wei-xian},
  journal={Journal of nanoparticle Research},
  volume={5},
  number={3},
  pages={323--332},
  year={2003},
  publisher={Springer}
}

@article{dunn1983heat,
  title={Heat transfer in magma in situ},
  author={Dunn, JC and Carrigan, CR and Wemple, RP},
  journal={Science},
  volume={222},
  number={4629},
  pages={1231--1233},
  year={1983},
  publisher={American Association for the Advancement of Science}
}

@article{blanco2015principles,
  title={Principles of nanoparticle design for overcoming biological barriers to drug delivery},
  author={Blanco, Elvin and Shen, Haifa and Ferrari, Mauro},
  journal={Nature biotechnology},
  volume={33},
  number={9},
  pages={941},
  year={2015},
  publisher={Nature Publishing Group}
}

@article{larsen1997fast,
  title={Fast plumeheads: Temperature-dependent versus non-Newtonian rheology},
  author={Larsen, Tine B and Yeun, David A},
  journal={Geophysical Research Letters},
  volume={24},
  number={16},
  pages={1995--1998},
  year={1997},
  publisher={Wiley Online Library}
}

@article{davaille2018fat,
  title={Fat plumes may reflect the complex rheology of the lower mantle},
  author={Davaille, Anne and Carrez, Ph and Cordier, Patrick},
  journal={Geophysical research letters},
  volume={45},
  number={3},
  pages={1349--1354},
  year={2018},
  publisher={Wiley Online Library}
}

@article{spera1989magma,
  title={Magma zonation: effects of chemical buoyancy and diffusion},
  author={Spera, Frank J and Oldenburg, Curtis M and Yuen, David A},
  journal={Geophysical Research Letters},
  volume={16},
  number={12},
  pages={1387--1390},
  year={1989},
  publisher={Wiley Online Library}
}

@article{o1981magma,
  title={Magma transport of heat on Io: A mechanism allowing a thick lithosphere},
  author={O'Reilly, Thomas C and Davies, Geoffrey F},
  journal={Geophysical Research Letters},
  volume={8},
  number={4},
  pages={313--316},
  year={1981},
  publisher={Wiley Online Library}
}

@article{yost2016overview,
  title={Overview of chronic oral toxicity values for chemicals present in hydraulic fracturing fluids, flowback, and produced waters},
  author={Yost, Erin E and Stanek, John and DeWoskin, Robert S and Burgoon, Lyle D},
  journal={Environmental science \& technology},
  volume={50},
  number={9},
  pages={4788--4797},
  year={2016},
  publisher={ACS Publications}
}

@article{wang2012effects,
  title={The effects of CO2-brine rheology on leakage processes in geologic carbon sequestration},
  author={Wang, Shibo and Clarens, Andres F},
  journal={Water Resources Research},
  volume={48},
  number={8},
  year={2012},
  publisher={Wiley Online Library}
}

@article{chiapponi2020dispersion,
  title={Dispersion induced by non-Newtonian gravity flow in a layered fracture or formation},
  author={Chiapponi, L and Petrolo, D and Lenci, A and Di Federico, V and Longo, S},
  journal={Journal of Fluid Mechanics},
  volume={903},
  pages={A14},
  year={2020},
  publisher={Cambridge University Press}
}

@article{colucci2017non,
  title={Non-Newtonian flow of bubbly magma in volcanic conduits},
  author={Colucci, Simone and Papale, Paolo and Montagna, Chiara Paola},
  journal={Journal of Geophysical Research: Solid Earth},
  volume={122},
  number={3},
  pages={1789--1804},
  year={2017},
  publisher={Wiley Online Library}
}

@article{sochi2010flow,
  title={Flow of non-Newtonian fluids in porous media},
  author={Sochi, Taha},
  journal={Journal of Polymer Science Part B: Polymer Physics},
  volume={48},
  number={23},
  pages={2437--2767},
  year={2010},
  publisher={Wiley Online Library}
}

@article{chatzis1977modelling,
  title={Modelling pore structure by {2-D} and {3-D} networks with applicationto sandstones},
  author={Chatzis, Ioannis and Dullien, Francis AL and others},
  journal={Journal of Canadian Petroleum Technology},
  volume={16},
  number={01},
  year={1977},
  publisher={Petroleum Society of Canada}
}

@article{chew1989constrained,
  title={Constrained delaunay triangulations},
  author={Chew, L Paul},
  journal={Algorithmica},
  volume={4},
  number={1-4},
  pages={97--108},
  year={1989},
  publisher={Springer}
}

@book{chiles2009geostatistics,
  title={Geostatistics: modeling spatial uncertainty},
  author={Chiles, Jean-Paul and Delfiner, Pierre},
  volume={497},
  year={2009},
  publisher={John Wiley \& Sons}
}

@inproceedings{fischer2002true,
  title={True random number generator embedded in reconfigurable hardware},
  author={Fischer, Viktor and Drutarovsk{\`y}, Milo{\v{s}}},
  booktitle={International Workshop on Cryptographic Hardware and Embedded Systems},
  pages={415--430},
  year={2002},
  organization={Springer}
}

@article{nowak2008probability,
  title={Probability density functions of hydraulic head and velocity in three-dimensional heterogeneous porous media},
  author={Nowak, Wolfgang and Schwede, Ronnie L and Cirpka, Olaf A and Neuweiler, Insa},
  journal={Water resources research},
  volume={44},
  number={8},
  year={2008},
  publisher={Wiley Online Library}
}

@article{okabe2005pore,
  title={Pore space reconstruction using multiple-point statistics},
  author={Okabe, Hiroshi and Blunt, Martin J},
  journal={Journal of Petroleum Science and Engineering},
  volume={46},
  number={1-2},
  pages={121--137},
  year={2005},
  publisher={Elsevier}
}

@article{western1998well,
  title={How well do indicator variograms capture the spatial connectivity of soil moisture?},
  author={Western, Andrew W and Bl{\"o}schl, G{\"u}nter and Grayson, Rodger B},
  journal={Hydrological processes},
  volume={12},
  number={12},
  pages={1851--1868},
  year={1998},
  publisher={Wiley Online Library}
}

@article{oostrom2016pore,
  title={Pore-scale and continuum simulations of solute transport micromodel benchmark experiments},
  author={Oostrom, Martinus and Mehmani, Yashar and Romero-Gomez, P and Tang, Y and Liu, H and Yoon, Hongkyu and Kang, Qinjun and Joekar-Niasar, Vahid and Balhoff, MT and Dewers, T and others},
  journal={Computational Geosciences},
  volume={20},
  number={4},
  pages={857--879},
  year={2016},
  publisher={Springer}
}

@article{simmons2001variable,
  title={Variable-density groundwater flow and solute transport in heterogeneous porous media: approaches, resolutions and future challenges},
  author={Simmons, Craig T and Fenstemaker, Thomas R and Sharp Jr, John M},
  journal={Journal of contaminant hydrology},
  volume={52},
  number={1-4},
  pages={245--275},
  year={2001},
  publisher={Elsevier}
}

@article{chen2021nonuniqueness,
  title={Nonuniqueness of hydrodynamic dispersion revealed using fast 4D synchrotron x-ray imaging},
  author={Chen, Yongqiang and Steeb, Holger and Erfani, Hamidreza and Karadimitriou, Nikolaos K and Walczak, Monika S and Ruf, Matthias and Lee, Dongwon and An, Senyou and Hasan, Sharul and Connolley, Thomas and others},
  journal={Science advances},
  volume={7},
  number={52},
  pages={eabj0960},
  year={2021},
  publisher={American Association for the Advancement of Science}
}

@article{dentz2011mixing,
  title={Mixing, spreading and reaction in heterogeneous media: A brief review},
  author={Dentz, Marco and Le Borgne, Tanguy and Englert, Andreas and Bijeljic, Branko},
  journal={Journal of contaminant hydrology},
  volume={120},
  pages={1--17},
  year={2011},
  publisher={Elsevier}
}

@article{an2022enhanced,
  title={Enhanced thermal fingering in a shear-thinning fluid flow through porous media: Dynamic pore network modeling},
  author={An, Senyou and Sahimi, Muhammad and Shende, Takshak and Babaei, Masoud and Niasar, Vahid},
  journal={Physics of Fluids},
  volume={34},
  number={2},
  pages={023105},
  year={2022},
  publisher={AIP Publishing LLC}
}

@article{an2017gpu,
  title={{GPU}-accelerated volumetric lattice {Boltzmann} method for porous media flow},
  author={An, Senyou and Yu, Huidan Whitney and Yao, Jun},
  journal={Journal of Petroleum Science and Engineering},
  volume={156},
  pages={546--552},
  year={2017},
  publisher={Elsevier}
}

@article{an2017unified,
  title={Unified mesoscopic modeling and {GPU}-accelerated computational method for image-based pore-scale porous media flows},
  author={An, Senyou and Yu, Huidan Whitney and Wang, Zhiqiang and Kapadia, Behram and Yao, Jun},
  journal={International Journal of Heat and Mass Transfer},
  volume={115},
  pages={1192--1202},
  year={2017},
  publisher={Elsevier}
}